%YAML 1.1
%TAG !u! tag:unity3d.com,2011:
--- !u!29 &1
SceneSettings:
  m_ObjectHideFlags: 0
  m_PVSData: 
  m_PVSObjectsArray: []
  m_PVSPortalsArray: []
  m_OcclusionBakeSettings:
    smallestOccluder: 5
    smallestHole: .25
    backfaceThreshold: 100
--- !u!104 &2
RenderSettings:
  m_Fog: 0
  m_FogColor: {r: .5, g: .5, b: .5, a: 1}
  m_FogMode: 3
  m_FogDensity: .00999999978
  m_LinearFogStart: 0
  m_LinearFogEnd: 300
  m_AmbientLight: {r: .200000003, g: .200000003, b: .200000003, a: 1}
  m_SkyboxMaterial: {fileID: 0}
  m_HaloStrength: .5
  m_FlareStrength: 1
  m_FlareFadeSpeed: 3
  m_HaloTexture: {fileID: 0}
  m_SpotCookie: {fileID: 0}
  m_ObjectHideFlags: 0
--- !u!127 &3
LevelGameManager:
  m_ObjectHideFlags: 0
--- !u!157 &4
LightmapSettings:
  m_ObjectHideFlags: 0
  m_LightProbes: {fileID: 0}
  m_Lightmaps: []
  m_LightmapsMode: 1
  m_BakedColorSpace: 0
  m_UseDualLightmapsInForward: 0
  m_LightmapEditorSettings:
    m_Resolution: 50
    m_LastUsedResolution: 0
    m_TextureWidth: 1024
    m_TextureHeight: 1024
    m_BounceBoost: 1
    m_BounceIntensity: 1
    m_SkyLightColor: {r: .860000014, g: .930000007, b: 1, a: 1}
    m_SkyLightIntensity: 0
    m_Quality: 0
    m_Bounces: 1
    m_FinalGatherRays: 1000
    m_FinalGatherContrastThreshold: .0500000007
    m_FinalGatherGradientThreshold: 0
    m_FinalGatherInterpolationPoints: 15
    m_AOAmount: 0
    m_AOMaxDistance: .100000001
    m_AOContrast: 1
    m_LODSurfaceMappingDistance: 1
    m_Padding: 0
    m_TextureCompression: 0
    m_LockAtlas: 0
--- !u!196 &5
NavMeshSettings:
  m_ObjectHideFlags: 0
  m_BuildSettings:
    agentRadius: .5
    agentHeight: 2
    agentSlope: 45
    agentClimb: .400000006
    ledgeDropHeight: 0
    maxJumpAcrossDistance: 0
    accuratePlacement: 0
    minRegionArea: 2
    widthInaccuracy: 16.666666
    heightInaccuracy: 10
  m_NavMesh: {fileID: 0}
--- !u!1 &329817856
GameObject:
  m_ObjectHideFlags: 0
  m_PrefabParentObject: {fileID: 125678, guid: 555a5a55372732a4385e9404830275da, type: 2}
  m_PrefabInternal: {fileID: 1031112646}
  serializedVersion: 4
  m_Component:
  - 224: {fileID: 329817857}
  - 222: {fileID: 329817861}
  - 114: {fileID: 329817860}
  - 114: {fileID: 329817859}
  - 114: {fileID: 329817858}
  m_Layer: 5
  m_Name: scroll
  m_TagString: Untagged
  m_Icon: {fileID: 0}
  m_NavMeshLayer: 0
  m_StaticEditorFlags: 0
  m_IsActive: 1
--- !u!224 &329817857
RectTransform:
  m_ObjectHideFlags: 0
  m_PrefabParentObject: {fileID: 22425678, guid: 555a5a55372732a4385e9404830275da,
    type: 2}
  m_PrefabInternal: {fileID: 1031112646}
  m_GameObject: {fileID: 329817856}
  m_LocalRotation: {x: 0, y: 0, z: 0, w: 1}
  m_LocalPosition: {x: 0, y: 0, z: 0}
  m_LocalScale: {x: 1, y: 1, z: 1}
  m_Children:
  - {fileID: 436214159}
  m_Father: {fileID: 933862326}
  m_RootOrder: 0
  m_AnchorMin: {x: 0, y: 0}
  m_AnchorMax: {x: 1, y: 1}
  m_AnchoredPosition: {x: -10, y: -.5}
  m_SizeDelta: {x: -28, y: -9}
  m_Pivot: {x: .5, y: .5}
--- !u!114 &329817858
MonoBehaviour:
  m_ObjectHideFlags: 0
  m_PrefabParentObject: {fileID: 11425676, guid: 555a5a55372732a4385e9404830275da,
    type: 2}
  m_PrefabInternal: {fileID: 1031112646}
  m_GameObject: {fileID: 329817856}
  m_Enabled: 1
  m_EditorHideFlags: 0
  m_Script: {fileID: 1367256648, guid: f5f67c52d1564df4a8936ccd202a3bd8, type: 3}
  m_Name: 
  m_EditorClassIdentifier: 
  m_Content: {fileID: 436214159}
  m_Horizontal: 1
  m_Vertical: 1
  m_MovementType: 1
  m_Elasticity: .100000001
  m_Inertia: 1
  m_DecelerationRate: .135000005
  m_ScrollSensitivity: 5
  m_HorizontalScrollbar: {fileID: 0}
  m_VerticalScrollbar: {fileID: 1596408871}
  m_OnValueChanged:
    m_PersistentCalls:
      m_Calls: []
    m_TypeName: UnityEngine.UI.ScrollRect+ScrollRectEvent, UnityEngine.UI, Version=1.0.0.0,
      Culture=neutral, PublicKeyToken=null
--- !u!114 &329817859
MonoBehaviour:
  m_ObjectHideFlags: 0
  m_PrefabParentObject: {fileID: 11425678, guid: 555a5a55372732a4385e9404830275da,
    type: 2}
  m_PrefabInternal: {fileID: 1031112646}
  m_GameObject: {fileID: 329817856}
  m_Enabled: 1
  m_EditorHideFlags: 0
  m_Script: {fileID: -1200242548, guid: f5f67c52d1564df4a8936ccd202a3bd8, type: 3}
  m_Name: 
  m_EditorClassIdentifier: 
  m_ShowMaskGraphic: 1
--- !u!114 &329817860
MonoBehaviour:
  m_ObjectHideFlags: 0
  m_PrefabParentObject: {fileID: 11425680, guid: 555a5a55372732a4385e9404830275da,
    type: 2}
  m_PrefabInternal: {fileID: 1031112646}
  m_GameObject: {fileID: 329817856}
  m_Enabled: 1
  m_EditorHideFlags: 0
  m_Script: {fileID: -765806418, guid: f5f67c52d1564df4a8936ccd202a3bd8, type: 3}
  m_Name: 
  m_EditorClassIdentifier: 
  m_Material: {fileID: 0}
  m_Color: {r: .474509805, g: .137254909, b: .407843143, a: .250980407}
  m_Sprite: {fileID: 0}
  m_Type: 1
  m_PreserveAspect: 0
  m_FillCenter: 1
  m_FillMethod: 4
  m_FillAmount: 1
  m_FillClockwise: 1
  m_FillOrigin: 0
--- !u!222 &329817861
CanvasRenderer:
  m_ObjectHideFlags: 0
  m_PrefabParentObject: {fileID: 22225678, guid: 555a5a55372732a4385e9404830275da,
    type: 2}
  m_PrefabInternal: {fileID: 1031112646}
  m_GameObject: {fileID: 329817856}
--- !u!1 &402569469
GameObject:
  m_ObjectHideFlags: 0
  m_PrefabParentObject: {fileID: 125680, guid: 555a5a55372732a4385e9404830275da, type: 2}
  m_PrefabInternal: {fileID: 1031112646}
  serializedVersion: 4
  m_Component:
  - 224: {fileID: 402569472}
  - 222: {fileID: 402569471}
  - 114: {fileID: 402569470}
  m_Layer: 5
  m_Name: header
  m_TagString: Untagged
  m_Icon: {fileID: 0}
  m_NavMeshLayer: 0
  m_StaticEditorFlags: 0
  m_IsActive: 1
--- !u!114 &402569470
MonoBehaviour:
  m_ObjectHideFlags: 0
  m_PrefabParentObject: {fileID: 11425682, guid: 555a5a55372732a4385e9404830275da,
    type: 2}
  m_PrefabInternal: {fileID: 1031112646}
  m_GameObject: {fileID: 402569469}
  m_Enabled: 1
  m_EditorHideFlags: 0
  m_Script: {fileID: 708705254, guid: f5f67c52d1564df4a8936ccd202a3bd8, type: 3}
  m_Name: 
  m_EditorClassIdentifier: 
  m_Material: {fileID: 0}
  m_Color: {r: 1, g: .847058833, b: 0, a: 1}
  m_FontData:
    m_Font: {fileID: 12800000, guid: afda856370f8c174c95aa7b582d04aa0, type: 3}
    m_FontSize: 22
    m_FontStyle: 0
    m_BestFit: 0
    m_MinSize: 10
    m_MaxSize: 40
    m_Alignment: 7
    m_RichText: 1
    m_HorizontalOverflow: 0
    m_VerticalOverflow: 0
    m_LineSpacing: 1
  m_Text: objects
--- !u!222 &402569471
CanvasRenderer:
  m_ObjectHideFlags: 0
  m_PrefabParentObject: {fileID: 22225680, guid: 555a5a55372732a4385e9404830275da,
    type: 2}
  m_PrefabInternal: {fileID: 1031112646}
  m_GameObject: {fileID: 402569469}
--- !u!224 &402569472
RectTransform:
  m_ObjectHideFlags: 0
  m_PrefabParentObject: {fileID: 22425680, guid: 555a5a55372732a4385e9404830275da,
    type: 2}
  m_PrefabInternal: {fileID: 1031112646}
  m_GameObject: {fileID: 402569469}
  m_LocalRotation: {x: 0, y: 0, z: 0, w: 1}
  m_LocalPosition: {x: 0, y: 0, z: 0}
  m_LocalScale: {x: 1, y: 1, z: 1}
  m_Children: []
  m_Father: {fileID: 2024033345}
  m_RootOrder: 0
  m_AnchorMin: {x: 0, y: 1}
  m_AnchorMax: {x: 1, y: 1}
  m_AnchoredPosition: {x: 0, y: -15}
  m_SizeDelta: {x: 0, y: 32}
  m_Pivot: {x: .5, y: .5}
--- !u!1 &436214158
GameObject:
  m_ObjectHideFlags: 0
  m_PrefabParentObject: {fileID: 125684, guid: 555a5a55372732a4385e9404830275da, type: 2}
  m_PrefabInternal: {fileID: 1031112646}
  serializedVersion: 4
  m_Component:
  - 224: {fileID: 436214159}
  - 222: {fileID: 436214161}
  - 114: {fileID: 436214160}
  - 114: {fileID: 436214162}
  m_Layer: 5
  m_Name: content
  m_TagString: Untagged
  m_Icon: {fileID: 0}
  m_NavMeshLayer: 0
  m_StaticEditorFlags: 0
  m_IsActive: 1
--- !u!224 &436214159
RectTransform:
  m_ObjectHideFlags: 0
  m_PrefabParentObject: {fileID: 22425684, guid: 555a5a55372732a4385e9404830275da,
    type: 2}
  m_PrefabInternal: {fileID: 1031112646}
  m_GameObject: {fileID: 436214158}
  m_LocalRotation: {x: 0, y: 0, z: 0, w: 1}
  m_LocalPosition: {x: 0, y: 0, z: 0}
  m_LocalScale: {x: 1, y: 1, z: 1}
  m_Children: []
  m_Father: {fileID: 329817857}
  m_RootOrder: 0
  m_AnchorMin: {x: 0, y: 1}
  m_AnchorMax: {x: 1, y: 1}
  m_AnchoredPosition: {x: 7.4505806e-09, y: 4.57763672e-05}
  m_SizeDelta: {x: 0, y: 0}
  m_Pivot: {x: .00712353922, y: .99999994}
--- !u!114 &436214160
MonoBehaviour:
  m_ObjectHideFlags: 0
  m_PrefabParentObject: {fileID: 11425686, guid: 555a5a55372732a4385e9404830275da,
    type: 2}
  m_PrefabInternal: {fileID: 1031112646}
  m_GameObject: {fileID: 436214158}
  m_Enabled: 1
  m_EditorHideFlags: 0
  m_Script: {fileID: -2095666955, guid: f5f67c52d1564df4a8936ccd202a3bd8, type: 3}
  m_Name: 
  m_EditorClassIdentifier: 
  m_Padding:
    m_Left: 4
    m_Right: 4
    m_Top: 4
    m_Bottom: 4
  m_ChildAlignment: 0
  m_StartCorner: 0
  m_StartAxis: 0
  m_CellSize: {x: 116, y: 116}
  m_Spacing: {x: 4, y: 4}
  m_Constraint: 0
  m_ConstraintCount: 2
--- !u!222 &436214161
CanvasRenderer:
  m_ObjectHideFlags: 0
  m_PrefabParentObject: {fileID: 22225684, guid: 555a5a55372732a4385e9404830275da,
    type: 2}
  m_PrefabInternal: {fileID: 1031112646}
  m_GameObject: {fileID: 436214158}
--- !u!114 &436214162
MonoBehaviour:
  m_ObjectHideFlags: 0
  m_PrefabParentObject: {fileID: 11425688, guid: 555a5a55372732a4385e9404830275da,
    type: 2}
  m_PrefabInternal: {fileID: 1031112646}
  m_GameObject: {fileID: 436214158}
  m_Enabled: 1
  m_EditorHideFlags: 0
  m_Script: {fileID: 1741964061, guid: f5f67c52d1564df4a8936ccd202a3bd8, type: 3}
  m_Name: 
  m_EditorClassIdentifier: 
  m_HorizontalFit: 0
  m_VerticalFit: 2
--- !u!1 &684411604
GameObject:
  m_ObjectHideFlags: 0
  m_PrefabParentObject: {fileID: 0}
  m_PrefabInternal: {fileID: 0}
  serializedVersion: 4
  m_Component:
  - 224: {fileID: 684411605}
  - 223: {fileID: 684411608}
  - 114: {fileID: 684411607}
  - 114: {fileID: 684411606}
  m_Layer: 5
  m_Name: Canvas
  m_TagString: Untagged
  m_Icon: {fileID: 0}
  m_NavMeshLayer: 0
  m_StaticEditorFlags: 0
  m_IsActive: 1
--- !u!224 &684411605
RectTransform:
  m_ObjectHideFlags: 0
  m_PrefabParentObject: {fileID: 0}
  m_PrefabInternal: {fileID: 0}
  m_GameObject: {fileID: 684411604}
  m_LocalRotation: {x: 0, y: 0, z: 0, w: 1}
  m_LocalPosition: {x: 0, y: 0, z: 0}
  m_LocalScale: {x: 0, y: 0, z: 0}
  m_Children:
  - {fileID: 1578306523}
  - {fileID: 2024033345}
  m_Father: {fileID: 0}
  m_RootOrder: 0
  m_AnchorMin: {x: 0, y: 0}
  m_AnchorMax: {x: 0, y: 0}
  m_AnchoredPosition: {x: 0, y: 0}
  m_SizeDelta: {x: 0, y: 0}
  m_Pivot: {x: 0, y: 0}
--- !u!114 &684411606
MonoBehaviour:
  m_ObjectHideFlags: 0
  m_PrefabParentObject: {fileID: 0}
  m_PrefabInternal: {fileID: 0}
  m_GameObject: {fileID: 684411604}
  m_Enabled: 1
  m_EditorHideFlags: 0
  m_Script: {fileID: 1301386320, guid: f5f67c52d1564df4a8936ccd202a3bd8, type: 3}
  m_Name: 
  m_EditorClassIdentifier: 
  ignoreReversedGraphics: 1
  blockingObjects: 0
  m_BlockingMask:
    serializedVersion: 2
    m_Bits: 4294967295
--- !u!114 &684411607
MonoBehaviour:
  m_ObjectHideFlags: 0
  m_PrefabParentObject: {fileID: 0}
  m_PrefabInternal: {fileID: 0}
  m_GameObject: {fileID: 684411604}
  m_Enabled: 1
  m_EditorHideFlags: 0
  m_Script: {fileID: 1980459831, guid: f5f67c52d1564df4a8936ccd202a3bd8, type: 3}
  m_Name: 
  m_EditorClassIdentifier: 
  m_UiScaleMode: 0
  m_ReferencePixelsPerUnit: 100
  m_ScaleFactor: 1
  m_ReferenceResolution: {x: 800, y: 600}
  m_ScreenMatchMode: 0
  m_MatchWidthOrHeight: 0
  m_PhysicalUnit: 3
  m_FallbackScreenDPI: 96
  m_DefaultSpriteDPI: 96
  m_DynamicPixelsPerUnit: 1
--- !u!223 &684411608
Canvas:
  m_ObjectHideFlags: 0
  m_PrefabParentObject: {fileID: 0}
  m_PrefabInternal: {fileID: 0}
  m_GameObject: {fileID: 684411604}
  m_Enabled: 1
  serializedVersion: 2
  m_RenderMode: 0
  m_Camera: {fileID: 0}
  m_PlaneDistance: 100
  m_PixelPerfect: 1
  m_ReceivesEvents: 1
  m_OverrideSorting: 0
  m_OverridePixelPerfect: 0
  m_SortingLayerID: 0
  m_SortingOrder: 0
--- !u!1 &933862325
GameObject:
  m_ObjectHideFlags: 0
  m_PrefabParentObject: {fileID: 125666, guid: 555a5a55372732a4385e9404830275da, type: 2}
  m_PrefabInternal: {fileID: 1031112646}
  serializedVersion: 4
  m_Component:
  - 224: {fileID: 933862326}
  - 222: {fileID: 933862327}
  m_Layer: 5
  m_Name: objects
  m_TagString: Untagged
  m_Icon: {fileID: 0}
  m_NavMeshLayer: 0
  m_StaticEditorFlags: 0
  m_IsActive: 1
--- !u!224 &933862326
RectTransform:
  m_ObjectHideFlags: 0
  m_PrefabParentObject: {fileID: 22425666, guid: 555a5a55372732a4385e9404830275da,
    type: 2}
  m_PrefabInternal: {fileID: 1031112646}
  m_GameObject: {fileID: 933862325}
  m_LocalRotation: {x: 0, y: 0, z: 0, w: 1}
  m_LocalPosition: {x: 0, y: 0, z: 0}
  m_LocalScale: {x: 1, y: 1, z: 1}
  m_Children:
  - {fileID: 329817857}
  - {fileID: 1596408870}
  m_Father: {fileID: 2024033345}
  m_RootOrder: 1
  m_AnchorMin: {x: 0, y: 0}
  m_AnchorMax: {x: 1, y: 1}
  m_AnchoredPosition: {x: 0, y: -15.5}
  m_SizeDelta: {x: 0, y: -31}
  m_Pivot: {x: .5, y: .5}
--- !u!222 &933862327
CanvasRenderer:
  m_ObjectHideFlags: 0
  m_PrefabParentObject: {fileID: 22225666, guid: 555a5a55372732a4385e9404830275da,
    type: 2}
  m_PrefabInternal: {fileID: 1031112646}
  m_GameObject: {fileID: 933862325}
--- !u!1001 &1031112646
Prefab:
  m_ObjectHideFlags: 0
  serializedVersion: 2
  m_Modification:
    m_TransformParent: {fileID: 684411605}
    m_Modifications:
    - target: {fileID: 22425726, guid: 555a5a55372732a4385e9404830275da, type: 2}
      propertyPath: m_LocalPosition.x
      value: 0
      objectReference: {fileID: 0}
    - target: {fileID: 22425726, guid: 555a5a55372732a4385e9404830275da, type: 2}
      propertyPath: m_LocalPosition.y
      value: 0
      objectReference: {fileID: 0}
    - target: {fileID: 22425726, guid: 555a5a55372732a4385e9404830275da, type: 2}
      propertyPath: m_LocalPosition.z
      value: 0
      objectReference: {fileID: 0}
    - target: {fileID: 22425726, guid: 555a5a55372732a4385e9404830275da, type: 2}
      propertyPath: m_LocalRotation.x
      value: 0
      objectReference: {fileID: 0}
    - target: {fileID: 22425726, guid: 555a5a55372732a4385e9404830275da, type: 2}
      propertyPath: m_LocalRotation.y
      value: 0
      objectReference: {fileID: 0}
    - target: {fileID: 22425726, guid: 555a5a55372732a4385e9404830275da, type: 2}
      propertyPath: m_LocalRotation.z
      value: 0
      objectReference: {fileID: 0}
    - target: {fileID: 22425726, guid: 555a5a55372732a4385e9404830275da, type: 2}
      propertyPath: m_LocalRotation.w
      value: 1
      objectReference: {fileID: 0}
    - target: {fileID: 22425726, guid: 555a5a55372732a4385e9404830275da, type: 2}
      propertyPath: m_RootOrder
      value: 1
      objectReference: {fileID: 0}
    - target: {fileID: 22425726, guid: 555a5a55372732a4385e9404830275da, type: 2}
      propertyPath: m_AnchoredPosition.x
      value: 0
      objectReference: {fileID: 0}
    - target: {fileID: 22425726, guid: 555a5a55372732a4385e9404830275da, type: 2}
      propertyPath: m_AnchoredPosition.y
      value: 0
      objectReference: {fileID: 0}
    - target: {fileID: 22425726, guid: 555a5a55372732a4385e9404830275da, type: 2}
      propertyPath: m_SizeDelta.x
      value: 392
      objectReference: {fileID: 0}
    - target: {fileID: 22425726, guid: 555a5a55372732a4385e9404830275da, type: 2}
      propertyPath: m_SizeDelta.y
      value: 392
      objectReference: {fileID: 0}
    - target: {fileID: 22425726, guid: 555a5a55372732a4385e9404830275da, type: 2}
      propertyPath: m_AnchorMin.x
      value: .5
      objectReference: {fileID: 0}
    - target: {fileID: 22425726, guid: 555a5a55372732a4385e9404830275da, type: 2}
      propertyPath: m_AnchorMin.y
      value: .5
      objectReference: {fileID: 0}
    - target: {fileID: 22425726, guid: 555a5a55372732a4385e9404830275da, type: 2}
      propertyPath: m_AnchorMax.x
      value: .5
      objectReference: {fileID: 0}
    - target: {fileID: 22425726, guid: 555a5a55372732a4385e9404830275da, type: 2}
      propertyPath: m_AnchorMax.y
      value: .5
      objectReference: {fileID: 0}
    - target: {fileID: 22425726, guid: 555a5a55372732a4385e9404830275da, type: 2}
      propertyPath: m_Pivot.x
      value: .5
      objectReference: {fileID: 0}
    - target: {fileID: 22425726, guid: 555a5a55372732a4385e9404830275da, type: 2}
      propertyPath: m_Pivot.y
      value: .5
      objectReference: {fileID: 0}
    m_RemovedComponents: []
  m_ParentPrefab: {fileID: 100100000, guid: 555a5a55372732a4385e9404830275da, type: 2}
  m_RootGameObject: {fileID: 2024033344}
  m_IsPrefabParent: 0
  m_IsExploded: 1
--- !u!1 &1574492913
GameObject:
  m_ObjectHideFlags: 0
  m_PrefabParentObject: {fileID: 0}
  m_PrefabInternal: {fileID: 0}
  serializedVersion: 4
  m_Component:
  - 4: {fileID: 1574492917}
  - 114: {fileID: 1574492916}
  - 114: {fileID: 1574492915}
  - 114: {fileID: 1574492914}
  m_Layer: 0
  m_Name: EventSystem
  m_TagString: Untagged
  m_Icon: {fileID: 0}
  m_NavMeshLayer: 0
  m_StaticEditorFlags: 0
  m_IsActive: 1
--- !u!114 &1574492914
MonoBehaviour:
  m_ObjectHideFlags: 0
  m_PrefabParentObject: {fileID: 0}
  m_PrefabInternal: {fileID: 0}
  m_GameObject: {fileID: 1574492913}
  m_Enabled: 1
  m_EditorHideFlags: 0
  m_Script: {fileID: 1997211142, guid: f5f67c52d1564df4a8936ccd202a3bd8, type: 3}
  m_Name: 
  m_EditorClassIdentifier: 
  m_AllowActivationOnStandalone: 0
--- !u!114 &1574492915
MonoBehaviour:
  m_ObjectHideFlags: 0
  m_PrefabParentObject: {fileID: 0}
  m_PrefabInternal: {fileID: 0}
  m_GameObject: {fileID: 1574492913}
  m_Enabled: 1
  m_EditorHideFlags: 0
  m_Script: {fileID: 1077351063, guid: f5f67c52d1564df4a8936ccd202a3bd8, type: 3}
  m_Name: 
  m_EditorClassIdentifier: 
  m_HorizontalAxis: Horizontal
  m_VerticalAxis: Vertical
  m_SubmitButton: Submit
  m_CancelButton: Cancel
  m_InputActionsPerSecond: 10
  m_AllowActivationOnMobileDevice: 0
--- !u!114 &1574492916
MonoBehaviour:
  m_ObjectHideFlags: 0
  m_PrefabParentObject: {fileID: 0}
  m_PrefabInternal: {fileID: 0}
  m_GameObject: {fileID: 1574492913}
  m_Enabled: 1
  m_EditorHideFlags: 0
  m_Script: {fileID: -619905303, guid: f5f67c52d1564df4a8936ccd202a3bd8, type: 3}
  m_Name: 
  m_EditorClassIdentifier: 
  m_FirstSelected: {fileID: 0}
  m_sendNavigationEvents: 1
  m_DragThreshold: 5
--- !u!4 &1574492917
Transform:
  m_ObjectHideFlags: 0
  m_PrefabParentObject: {fileID: 0}
  m_PrefabInternal: {fileID: 0}
  m_GameObject: {fileID: 1574492913}
  m_LocalRotation: {x: 0, y: 0, z: 0, w: 1}
  m_LocalPosition: {x: 0, y: 0, z: 0}
  m_LocalScale: {x: 1, y: 1, z: 1}
  m_Children: []
  m_Father: {fileID: 0}
  m_RootOrder: 1
--- !u!1 &1578306522
GameObject:
  m_ObjectHideFlags: 0
  m_PrefabParentObject: {fileID: 0}
  m_PrefabInternal: {fileID: 0}
  serializedVersion: 4
  m_Component:
  - 224: {fileID: 1578306523}
  - 222: {fileID: 1578306525}
  - 114: {fileID: 1578306524}
  m_Layer: 5
  m_Name: page
  m_TagString: Untagged
  m_Icon: {fileID: 0}
  m_NavMeshLayer: 0
  m_StaticEditorFlags: 0
  m_IsActive: 1
--- !u!224 &1578306523
RectTransform:
  m_ObjectHideFlags: 0
  m_PrefabParentObject: {fileID: 0}
  m_PrefabInternal: {fileID: 0}
  m_GameObject: {fileID: 1578306522}
  m_LocalRotation: {x: 0, y: 0, z: 0, w: 1}
  m_LocalPosition: {x: 0, y: 0, z: 0}
  m_LocalScale: {x: 1, y: 1, z: 1}
  m_Children: []
  m_Father: {fileID: 684411605}
  m_RootOrder: 0
  m_AnchorMin: {x: 0, y: 0}
  m_AnchorMax: {x: 1, y: 1}
  m_AnchoredPosition: {x: 0, y: 0}
  m_SizeDelta: {x: 0, y: 0}
  m_Pivot: {x: .5, y: .5}
--- !u!114 &1578306524
MonoBehaviour:
  m_ObjectHideFlags: 0
  m_PrefabParentObject: {fileID: 0}
  m_PrefabInternal: {fileID: 0}
  m_GameObject: {fileID: 1578306522}
  m_Enabled: 1
  m_EditorHideFlags: 0
  m_Script: {fileID: -765806418, guid: f5f67c52d1564df4a8936ccd202a3bd8, type: 3}
  m_Name: 
  m_EditorClassIdentifier: 
  m_Material: {fileID: 0}
  m_Color: {r: .5, g: .486815423, b: .308823526, a: 1}
  m_Sprite: {fileID: 0}
  m_Type: 1
  m_PreserveAspect: 0
  m_FillCenter: 1
  m_FillMethod: 4
  m_FillAmount: 1
  m_FillClockwise: 1
  m_FillOrigin: 0
--- !u!222 &1578306525
CanvasRenderer:
  m_ObjectHideFlags: 0
  m_PrefabParentObject: {fileID: 0}
  m_PrefabInternal: {fileID: 0}
  m_GameObject: {fileID: 1578306522}
--- !u!1 &1596408869
GameObject:
  m_ObjectHideFlags: 0
  m_PrefabParentObject: {fileID: 125720, guid: 555a5a55372732a4385e9404830275da, type: 2}
  m_PrefabInternal: {fileID: 1031112646}
  serializedVersion: 4
  m_Component:
  - 224: {fileID: 1596408870}
  - 222: {fileID: 1596408873}
  - 114: {fileID: 1596408872}
  - 114: {fileID: 1596408871}
  m_Layer: 5
  m_Name: scrollbar
  m_TagString: Untagged
  m_Icon: {fileID: 0}
  m_NavMeshLayer: 0
  m_StaticEditorFlags: 0
  m_IsActive: 1
--- !u!224 &1596408870
RectTransform:
  m_ObjectHideFlags: 0
  m_PrefabParentObject: {fileID: 22425720, guid: 555a5a55372732a4385e9404830275da,
    type: 2}
  m_PrefabInternal: {fileID: 1031112646}
  m_GameObject: {fileID: 1596408869}
  m_LocalRotation: {x: 0, y: 0, z: 0, w: 1}
  m_LocalPosition: {x: 0, y: 0, z: 0}
  m_LocalScale: {x: 1, y: 1, z: 1}
  m_Children:
  - {fileID: 1653920844}
  m_Father: {fileID: 933862326}
  m_RootOrder: 1
  m_AnchorMin: {x: 1, y: 0}
  m_AnchorMax: {x: 1, y: 1}
  m_AnchoredPosition: {x: -4, y: 4}
  m_SizeDelta: {x: 20, y: -9}
  m_Pivot: {x: 1, y: 0}
--- !u!114 &1596408871
MonoBehaviour:
  m_ObjectHideFlags: 0
  m_PrefabParentObject: {fileID: 11425724, guid: 555a5a55372732a4385e9404830275da,
    type: 2}
  m_PrefabInternal: {fileID: 1031112646}
  m_GameObject: {fileID: 1596408869}
  m_Enabled: 1
  m_EditorHideFlags: 0
  m_Script: {fileID: -2061169968, guid: f5f67c52d1564df4a8936ccd202a3bd8, type: 3}
  m_Name: 
  m_EditorClassIdentifier: 
  m_Navigation:
    m_Mode: 3
    m_SelectOnUp: {fileID: 0}
    m_SelectOnDown: {fileID: 0}
    m_SelectOnLeft: {fileID: 0}
    m_SelectOnRight: {fileID: 0}
  m_Transition: 1
  m_Colors:
    m_NormalColor: {r: 1, g: 1, b: 1, a: 1}
    m_HighlightedColor: {r: .960784316, g: .960784316, b: .960784316, a: 1}
    m_PressedColor: {r: .784313738, g: .784313738, b: .784313738, a: 1}
    m_DisabledColor: {r: .784313738, g: .784313738, b: .784313738, a: .501960814}
    m_ColorMultiplier: 1
    m_FadeDuration: .100000001
  m_SpriteState:
    m_HighlightedSprite: {fileID: 0}
    m_PressedSprite: {fileID: 0}
    m_DisabledSprite: {fileID: 0}
  m_AnimationTriggers:
    m_NormalTrigger: Normal
    m_HighlightedTrigger: Highlighted
    m_PressedTrigger: Pressed
    m_DisabledTrigger: Disabled
  m_Interactable: 1
  m_TargetGraphic: {fileID: 1771434875}
  m_HandleRect: {fileID: 1771434874}
  m_Direction: 2
  m_Value: 0
  m_Size: 1
  m_NumberOfSteps: 0
  m_OnValueChanged:
    m_PersistentCalls:
      m_Calls: []
    m_TypeName: UnityEngine.UI.Scrollbar+ScrollEvent, UnityEngine.UI, Version=1.0.0.0,
      Culture=neutral, PublicKeyToken=null
--- !u!114 &1596408872
MonoBehaviour:
  m_ObjectHideFlags: 0
  m_PrefabParentObject: {fileID: 11425726, guid: 555a5a55372732a4385e9404830275da,
    type: 2}
  m_PrefabInternal: {fileID: 1031112646}
  m_GameObject: {fileID: 1596408869}
  m_Enabled: 1
  m_EditorHideFlags: 0
  m_Script: {fileID: -765806418, guid: f5f67c52d1564df4a8936ccd202a3bd8, type: 3}
  m_Name: 
  m_EditorClassIdentifier: 
  m_Material: {fileID: 0}
  m_Color: {r: .474509805, g: .137254909, b: .407843143, a: .250980407}
  m_Sprite: {fileID: 0}
  m_Type: 1
  m_PreserveAspect: 0
  m_FillCenter: 1
  m_FillMethod: 4
  m_FillAmount: 1
  m_FillClockwise: 1
  m_FillOrigin: 0
--- !u!222 &1596408873
CanvasRenderer:
  m_ObjectHideFlags: 0
  m_PrefabParentObject: {fileID: 22225720, guid: 555a5a55372732a4385e9404830275da,
    type: 2}
  m_PrefabInternal: {fileID: 1031112646}
  m_GameObject: {fileID: 1596408869}
--- !u!1 &1653920843
GameObject:
  m_ObjectHideFlags: 0
  m_PrefabParentObject: {fileID: 125722, guid: 555a5a55372732a4385e9404830275da, type: 2}
  m_PrefabInternal: {fileID: 1031112646}
  serializedVersion: 4
  m_Component:
  - 224: {fileID: 1653920844}
  m_Layer: 5
  m_Name: Sliding Area
  m_TagString: Untagged
  m_Icon: {fileID: 0}
  m_NavMeshLayer: 0
  m_StaticEditorFlags: 0
  m_IsActive: 1
--- !u!224 &1653920844
RectTransform:
  m_ObjectHideFlags: 0
  m_PrefabParentObject: {fileID: 22425722, guid: 555a5a55372732a4385e9404830275da,
    type: 2}
  m_PrefabInternal: {fileID: 1031112646}
  m_GameObject: {fileID: 1653920843}
  m_LocalRotation: {x: 0, y: 0, z: 0, w: 1}
  m_LocalPosition: {x: 0, y: 0, z: 0}
  m_LocalScale: {x: 1, y: 1, z: 1}
  m_Children:
  - {fileID: 1771434874}
  m_Father: {fileID: 1596408870}
  m_RootOrder: 0
  m_AnchorMin: {x: 0, y: 0}
  m_AnchorMax: {x: 1, y: 1}
  m_AnchoredPosition: {x: 0, y: 0}
  m_SizeDelta: {x: -20, y: -20}
  m_Pivot: {x: .5, y: .5}
--- !u!1 &1771434873
GameObject:
  m_ObjectHideFlags: 0
  m_PrefabParentObject: {fileID: 125724, guid: 555a5a55372732a4385e9404830275da, type: 2}
  m_PrefabInternal: {fileID: 1031112646}
  serializedVersion: 4
  m_Component:
  - 224: {fileID: 1771434874}
  - 222: {fileID: 1771434876}
  - 114: {fileID: 1771434875}
  m_Layer: 5
  m_Name: Handle
  m_TagString: Untagged
  m_Icon: {fileID: 0}
  m_NavMeshLayer: 0
  m_StaticEditorFlags: 0
  m_IsActive: 1
--- !u!224 &1771434874
RectTransform:
  m_ObjectHideFlags: 0
  m_PrefabParentObject: {fileID: 22425724, guid: 555a5a55372732a4385e9404830275da,
    type: 2}
  m_PrefabInternal: {fileID: 1031112646}
  m_GameObject: {fileID: 1771434873}
  m_LocalRotation: {x: 0, y: 0, z: 0, w: 1}
  m_LocalPosition: {x: 0, y: 0, z: 0}
  m_LocalScale: {x: 1, y: 1, z: 1}
  m_Children: []
  m_Father: {fileID: 1653920844}
  m_RootOrder: 0
  m_AnchorMin: {x: 0, y: 0}
  m_AnchorMax: {x: 0, y: 0}
  m_AnchoredPosition: {x: 0, y: 0}
  m_SizeDelta: {x: 20, y: 20}
  m_Pivot: {x: .5, y: .5}
--- !u!114 &1771434875
MonoBehaviour:
  m_ObjectHideFlags: 0
  m_PrefabParentObject: {fileID: 11425728, guid: 555a5a55372732a4385e9404830275da,
    type: 2}
  m_PrefabInternal: {fileID: 1031112646}
  m_GameObject: {fileID: 1771434873}
  m_Enabled: 1
  m_EditorHideFlags: 0
  m_Script: {fileID: -765806418, guid: f5f67c52d1564df4a8936ccd202a3bd8, type: 3}
  m_Name: 
  m_EditorClassIdentifier: 
  m_Material: {fileID: 0}
  m_Color: {r: .474509805, g: .137254909, b: .407843143, a: 1}
  m_Sprite: {fileID: 0}
  m_Type: 1
  m_PreserveAspect: 0
  m_FillCenter: 1
  m_FillMethod: 4
  m_FillAmount: 1
  m_FillClockwise: 1
  m_FillOrigin: 0
--- !u!222 &1771434876
CanvasRenderer:
  m_ObjectHideFlags: 0
  m_PrefabParentObject: {fileID: 22225722, guid: 555a5a55372732a4385e9404830275da,
    type: 2}
  m_PrefabInternal: {fileID: 1031112646}
  m_GameObject: {fileID: 1771434873}
--- !u!1 &2024033344
GameObject:
  m_ObjectHideFlags: 0
  m_PrefabParentObject: {fileID: 125726, guid: 555a5a55372732a4385e9404830275da, type: 2}
  m_PrefabInternal: {fileID: 1031112646}
  serializedVersion: 4
  m_Component:
  - 224: {fileID: 2024033345}
  - 222: {fileID: 2024033347}
  - 114: {fileID: 2024033346}
  - 114: {fileID: 2024033348}
  m_Layer: 5
  m_Name: objects window
  m_TagString: Untagged
  m_Icon: {fileID: 0}
  m_NavMeshLayer: 0
  m_StaticEditorFlags: 0
  m_IsActive: 1
--- !u!224 &2024033345
RectTransform:
  m_ObjectHideFlags: 0
  m_PrefabParentObject: {fileID: 22425726, guid: 555a5a55372732a4385e9404830275da,
    type: 2}
  m_PrefabInternal: {fileID: 1031112646}
  m_GameObject: {fileID: 2024033344}
  m_LocalRotation: {x: 0, y: 0, z: 0, w: 1}
  m_LocalPosition: {x: 0, y: 0, z: 0}
  m_LocalScale: {x: 1, y: 1, z: 1}
  m_Children:
  - {fileID: 402569472}
  - {fileID: 933862326}
  m_Father: {fileID: 684411605}
  m_RootOrder: 1
  m_AnchorMin: {x: .5, y: .5}
  m_AnchorMax: {x: .5, y: .5}
  m_AnchoredPosition: {x: 0, y: 0}
  m_SizeDelta: {x: 392, y: 392}
  m_Pivot: {x: .5, y: .5}
--- !u!114 &2024033346
MonoBehaviour:
  m_ObjectHideFlags: 0
  m_PrefabParentObject: {fileID: 11425730, guid: 555a5a55372732a4385e9404830275da,
    type: 2}
  m_PrefabInternal: {fileID: 1031112646}
  m_GameObject: {fileID: 2024033344}
  m_Enabled: 1
  m_EditorHideFlags: 0
  m_Script: {fileID: -765806418, guid: f5f67c52d1564df4a8936ccd202a3bd8, type: 3}
  m_Name: 
  m_EditorClassIdentifier: 
  m_Material: {fileID: 0}
  m_Color: {r: .211764708, g: .482352942, b: .498039216, a: 1}
  m_Sprite: {fileID: 0}
  m_Type: 1
  m_PreserveAspect: 0
  m_FillCenter: 1
  m_FillMethod: 4
  m_FillAmount: 1
  m_FillClockwise: 1
  m_FillOrigin: 0
--- !u!222 &2024033347
CanvasRenderer:
  m_ObjectHideFlags: 0
  m_PrefabParentObject: {fileID: 22225724, guid: 555a5a55372732a4385e9404830275da,
    type: 2}
  m_PrefabInternal: {fileID: 1031112646}
  m_GameObject: {fileID: 2024033344}
--- !u!114 &2024033348
MonoBehaviour:
  m_ObjectHideFlags: 0
  m_PrefabParentObject: {fileID: 0}
  m_PrefabInternal: {fileID: 0}
  m_GameObject: {fileID: 2024033344}
  m_Enabled: 1
  m_EditorHideFlags: 0
  m_Script: {fileID: 11500000, guid: 16525a877eda5bf4b9abc309fe0ebe70, type: 3}
  m_Name: 
  m_EditorClassIdentifier: 
  container: {fileID: 436214159}
  prefab: {fileID: 11483370, guid: 0bbdf1730e2043b408144d534b3840a7, type: 2}
  prev: {fileID: 21300000, guid: 5f7f3ae10ffa1074084bb08e2302036b, type: 3}
